/home/cor/BibTexCitations/vegPatterns-GavansDocumentation.bib